\begin{thebibliography}{}

% BiBTeX data base
%---------------------------------------------------------------------------------------
%% bibtextfile{
%%  author     = "Roger Maquito Guti√©rrez",
%%  version    = "1.0",
%%  date       = "Diciembre, 29 2005",
%%  address    = "UCSP",
%%  email      = rmaquito AT gmail.com
%%}
%---------------------------------------------------------------------------------------

@article{de2002marco,
  title={Marco com{\'u}n europeo de referencia para las lenguas},
  author={De Europa, Consejo},
  journal={Strasburgo: Consejo de Europa, Ministerio de Educaci{\'o}n, Cultura y Deporte/Instituto Cervantes},
  year={2002},
}

\end{thebibliography}

%%%%%   Fim

