@Book{StewartCOVar,
 title = {Cálculo de una variable Trascendentes tempranas},
 publisher = {},
 year = {2012},
 author = {James Stewart},
 editor = {Cengage Learning},
 OPTkey = {},
 OPTvolume = {},
 OPTnumber = {},
 OPTseries = {Septima Edicion (7ma Ed.)},
 OPTaddress = {},
 edition = {7th},
 OPTmonth = {},
 OPTnote = {},
 OPTannote = {},
 url = {},
 urldate = {},
 OPTlastchecked = {},
 OPTdoi = {},
 isbn = {978-607-481-881-9},
 OPTissn = {},
 OPTlocalfile = {},
 OPTabstract = {},
 OPTkeywords = {},
}

@Book{WarrenZill,
 title = {Cálculo, trascendentes tempranas},
 publisher = {McGraw Hill},
 year = {2011},
 author = {Warren Wright, Dennis Zill},
 editor = {McGraw-Hill Interamericana de España S.L.},
 OPTkey = {},
 OPTvolume = {},
 OPTnumber = {},
 OPTseries = {Chocolombia},
 OPTaddress = {},
 edition = {4th},
 OPTmonth = {},
 OPTnote = {},
 OPTannote = {},
 url = {},
 urldate = {},
 OPTlastchecked = {},
 OPTdoi = {},
 isbn13 = {978-6071505026},
 OPTissn = {},
 OPTlocalfile = {},
 OPTabstract = {},
 OPTkeywords = {},
}

@Book{Larson,
 title = {Cálculo},
 publisher = {},
 year = {2018},
 author = {Ron Larson},
 editor = {Cengage Learning},
 OPTkey = {},
 OPTvolume = {},
 OPTnumber = {},
 OPTseries = {},
 OPTaddress = {},
 edition = {10th},
 OPTmonth = {},
 OPTnote = {},
 OPTannote = {},
 url = {},
 urldate = {},
 OPTlastchecked = {},
 OPTdoi = {},
 isbn13 = {978-6075220154},
 OPTissn = {},
 OPTlocalfile = {},
 OPTabstract = {},
 OPTkeywords = {},
}

@Book{StewartRedWat,
 title = {Precálculo: Matemáticas para el cálculo},
 publisher = {},
 year = {2017},
 author = {James Stewart, Lothar Redlin, Saleem Watson},
 editor = {Cengage Learning},
 OPTkey = {},
 OPTvolume = {},
 OPTnumber = {},
 OPTseries = {},
 OPTaddress = {},
 edition = {7th},
 OPTmonth = {},
 OPTnote = {},
 OPTannote = {},
 url = {},
 urldate = {},
 OPTlastchecked = {},
 OPTdoi = {},
 isbn = {978-6075262888},
 OPTissn = {},
 OPTlocalfile = {},
 OPTabstract = {},
 OPTkeywords = {},
}

@Book{LarsonPrecalc,
 title = {Precalculo},
 publisher = {},
 year = {2012},
 author = {Ron Larson},
 editor = {Cengage Learning},
 OPTkey = {},
 OPTvolume = {},
 OPTnumber = {},
 OPTseries = {},
 OPTaddress = {},
 edition = {7th},
 OPTmonth = {},
 OPTnote = {},
 OPTannote = {},
 url = {},
 urldate = {},
 OPTlastchecked = {},
 OPTdoi = {},
 isbn13 = {978-1305071759},
 OPTissn = {},
 OPTlocalfile = {},
 OPTabstract = {},
 OPTkeywords = {},
}

@Book{PurVar,
 title = {Cálculo con geometría analítica},
 publisher = {},
 year = {1991},
 author = {Edwin Purcell, Dale Varberg},
 editor = {Prentice Hall},
 OPTkey = {},
 OPTvolume = {},
 OPTnumber = {},
 OPTseries = {},
 OPTaddress = {},
 edition = {},
 OPTmonth = {},
 OPTnote = {},
 OPTannote = {},
 url = {},
 urldate = {},
 OPTlastchecked = {},
 OPTdoi = {},
 isbn13 = {9789688803387},
 OPTissn = {},
 OPTlocalfile = {},
 OPTabstract = {},
 OPTkeywords = {},
}