@Book{StewartMVar,
 title = {CÃ¡lculo de varias variable Trascendentes tempranas},
 publisher = {},
 year = {2012},
 author = {James Stewart},
 editor = {Cengage Learning Editores S.A. de C.V.},
 OPTkey = {},
 OPTvolume = {},
 OPTnumber = {},
 OPTseries = {},
 OPTaddress = {},
 edition = {6th},
 OPTmonth = {},
 OPTnote = {},
 OPTannote = {},
 url = {},
 urldate = {},
 OPTlastchecked = {},
 OPTdoi = {},
 isbn13 = {978-9706866523},
 OPTissn = {},
 OPTlocalfile = {},
 OPTabstract = {},
 OPTkeywords = {},
}

@Book{DennisZ,
 title = {Ecuaciones diferenciales con valores en la frontera},
 publisher = {},
 year = {2013},
 author = {Dennis G. Zill},
 editor = {Cengage Learning Editores},
 OPTkey = {},
 OPTvolume = {},
 OPTnumber = {},
 OPTseries = {},
 OPTaddress = {},
 edition = {8th},
 OPTmonth = {},
 OPTnote = {},
 OPTannote = {},
 url = {},
 urldate = {},
 OPTlastchecked = {},
 OPTdoi = {},
 isbn13 = {},
 OPTissn = {},
 OPTlocalfile = {},
 OPTabstract = {},
 OPTkeywords = {},
}
