
@book{Cormen2009,
 title     = {Introduction to Algorithms},
 publisher = {MIT Press},
 year      = {2009},
 author    = {Thomas H. Cormen and Charles E. Leiserson and Ronald L. Rivest and Clifford Stein},
 ALTALTeditor = {},
 OPTkey = {},
 OPTvolume = {},
 OPTnumber = {},
 OPTseries = {},
 OPTaddress= {},
 edition   = {Third Edition},
 OPTmonth  = {},
 note      = {ISBN: 978-0-262-53305-8},
 OPTannote = {},
 OPTurl = {},
 OPTdoi = {},
 OPTissn = {},
 OPTlocalfile = {},
 OPTabstracts = {},
}

@book{Fager2014,
 title     = {Estructura de datos},
 publisher = {Iniciativa Latinoamericana de Libros de Texto Abiertos (LATIN)},
 year      = {2014},
 author    = {José Fager and W. Libardo Pantoja Yépez and Marisol Villacrés and Luz Andrea Páez Martinez and Daniel Ochoa and Ernesto Cuadros-Vargas},
 ALTALTeditor = {},
 OPTkey = {},
 OPTvolume = {},
 OPTnumber = {},
 OPTseries = {},
 OPTaddress= {},
 edition   = {First Edition},
 OPTmonth  = {},
 note      = {},
 OPTannote = {},
 OPTurl = {},
 OPTdoi = {},
 OPTissn = {},
 OPTlocalfile = {},
 OPTabstracts = {},
}


@Book{Knuth97,
  author =       "Donald E. Knuth ",
  title =        "The Art of Computer Programming, Vol. 1: Fundamental Algorithms",
  publisher =    "Addison-Wesley Professional",
  year =         "1997",
  edition=       "3rd",
}

@Book{Knuth98,
  author =       "Donald E. Knuth ",
  title =        "The art of computer programming, volume 3:Sorting and searching",
  publisher =    "Addison-Wesley Professional",
  year =         "1998",
  edition=       "2nd",
}

