@Book{StewartMVar,
 title = {Multivariable Calculus},
 publisher = {},
 year = {2012},
 author = {James Stewart},
 editor = {Cengage Learning},
 OPTkey = {},
 OPTvolume = {},
 OPTnumber = {},
 OPTseries = {},
 OPTaddress = {},
 edition = {6th},
 OPTmonth = {},
 OPTnote = {},
 OPTannote = {},
 url = {},
 urldate = {},
 OPTlastchecked = {},
 OPTdoi = {},
 isbn13 = {9780495011637},
 OPTissn = {},
 OPTlocalfile = {},
 OPTabstract = {},
 OPTkeywords = {},
}

@Book{DennisZ,
 title = {Differential equations with Boundary value problems},
 publisher = {},
 year = {2013},
 author = {Dennis G. Zill},
 editor = {Cengage Learning Editores},
 OPTkey = {},
 OPTvolume = {},
 OPTnumber = {},
 OPTseries = {},
 OPTaddress = {},
 edition = {8th},
 OPTmonth = {},
 OPTnote = {},
 OPTannote = {},
 url = {},
 urldate = {},
 OPTlastchecked = {},
 OPTdoi = {},
 isbn13 = {},
 OPTissn = {},
 OPTlocalfile = {},
 OPTabstract = {},
 OPTkeywords = {},
}
