@Book{StewartCOVar,
 title = {Single Variable Calculus},
 publisher = {},
 year = {2012},
 author = {James Stewart},
 editor = {Cengage Learning},
 OPTkey = {},
 OPTvolume = {},
 OPTnumber = {},
 OPTseries = {},
 OPTaddress = {},
 edition = {7th},
 OPTmonth = {},
 OPTnote = {},
 OPTannote = {},
 url = {},
 urldate = {},
 OPTlastchecked = {},
 OPTdoi = {},
 isbn13 = {978-0-538-49783-1},
 OPTissn = {},
 OPTlocalfile = {},
 OPTabstract = {},
 OPTkeywords = {},
}

@Book{WarrenZill,
 title = {Calculus: Early Transcendentals},
 publisher = {},
 year = {2011},
 author = {Warren Wright, Dennis Zill},
 editor = {Jones & Bartlett Learning},
 OPTkey = {},
 OPTvolume = {},
 OPTnumber = {},
 OPTseries = {The Jones and Bartlett Publishers International Series in Mathematics},
 OPTaddress = {},
 edition = {4th},
 OPTmonth = {},
 OPTnote = {},
 OPTannote = {},
 url = {},
 urldate = {},
 OPTlastchecked = {},
 OPTdoi = {},
 isbn13 = {978-0763759957},
 OPTissn = {},
 OPTlocalfile = {},
 OPTabstract = {},
 OPTkeywords = {},
}

@Book{Larson,
 title = {Calculus},
 publisher = {},
 year = {2018},
 author = {Ron Larson},
 editor = {Cengage Learning},
 OPTkey = {},
 OPTvolume = {},
 OPTnumber = {},
 OPTseries = {},
 OPTaddress = {},
 edition = {10th},
 OPTmonth = {},
 OPTnote = {},
 OPTannote = {},
 url = {},
 urldate = {},
 OPTlastchecked = {},
 OPTdoi = {},
 isbn13 = {978-1285057095},
 OPTissn = {},
 OPTlocalfile = {},
 OPTabstract = {},
 OPTkeywords = {},
}

@Book{StewartRedWat,
 title = {Precalculus: Mathematics for Calculus},
 publisher = {},
 year = {2017},
 author = {James Stewart, Lothar Redlin, Saleem Watson},
 editor = {},
 OPTkey = {},
 OPTvolume = {},
 OPTnumber = {},
 OPTseries = {},
 OPTaddress = {},
 edition = {7th},
 OPTmonth = {},
 OPTnote = {},
 OPTannote = {},
 url = {},
 urldate = {},
 OPTlastchecked = {},
 OPTdoi = {},
 isbn13 = {978-1305071759},
 OPTissn = {},
 OPTlocalfile = {},
 OPTabstract = {},
 OPTkeywords = {},
}

@Book{LarsonPrecalc,
 title = {Precalculus},
 publisher = {},
 year = {2012},
 author = {Ron Larson},
 editor = {Brooks/Cole},
 OPTkey = {},
 OPTvolume = {},
 OPTnumber = {},
 OPTseries = {},
 OPTaddress = {},
 edition = {7th},
 OPTmonth = {},
 OPTnote = {},
 OPTannote = {},
 url = {},
 urldate = {},
 OPTlastchecked = {},
 OPTdoi = {},
 isbn13 = {978-1439045770},
 OPTissn = {},
 OPTlocalfile = {},
 OPTabstract = {},
 OPTkeywords = {},
}

@Book{PurVar,
 title = {Calculus With Analytic Geometry},
 publisher = {},
 year = {1991},
 author = {Edwin Purcell, Dale Varberg},
 editor = {Prentice Hall College Div},
 OPTkey = {},
 OPTvolume = {},
 OPTnumber = {},
 OPTseries = {},
 OPTaddress = {},
 edition = {},
 OPTmonth = {},
 OPTnote = {},
 OPTannote = {},
 url = {},
 urldate = {},
 OPTlastchecked = {},
 OPTdoi = {},
 isbn13 = {978-0131177550},
 OPTissn = {},
 OPTlocalfile = {},
 OPTabstract = {},
 OPTkeywords = {},
}