z@Book{JCValle,
 title = {Algebra Lineal: para estudiantes de ingeniería y ciencias},
 publisher = {},
 year = {2012},
 author = {Juan Carlos Del Valle Sotelo},
 editor = {MC GRAW HILL-65 (1600)},
 OPTkey = {},
 OPTvolume = {},
 OPTnumber = {},
 OPTseries = {},
 OPTaddress = {},
 edition = {1st},
 OPTmonth = {},
 OPTnote = {},
 OPTannote = {},
 url = {},
 urldate = {},
 OPTlastchecked = {},
 OPTdoi = {},
 isbn = {},
 OPTissn = {},
 OPTlocalfile = {},
 OPTabstract = {},
 OPTkeywords = {},
}

@Book{ChapCan,
 title = {Métodos numéricos para Ingenieros},
 publisher = {},
 year = {2015},
 author = {Steven C. Chapra, Raymond P. Canale},
 editor = {McGraw-Hill},
 OPTkey = {},
 OPTvolume = {},
 OPTnumber = {},
 OPTseries = {},
 OPTaddress = {},
 edition = {7th},
 OPTmonth = {},
 OPTnote = {},
 OPTannote = {},
 url = {},
 urldate = {},
 OPTlastchecked = {},
 OPTdoi = {},
 isbn = {978-607-15-1294-9},
 OPTissn = {},
 OPTlocalfile = {},
 OPTabstract = {},
 OPTkeywords = {},
}

@Book{Anton,
 title = {Introducción al Algebra Lineal},
 publisher = {},
 year = {2004},
 author = {Howard Anton},
 editor = {Editorial Limusa S.A. De C.V},
 OPTkey = {},
 OPTvolume = {},
 OPTnumber = {},
 OPTseries = {},
 OPTaddress = {},
 edition = {4th},
 OPTmonth = {},
 OPTnote = {},
 OPTannote = {},
 url = {},
 urldate = {},
 OPTlastchecked = {},
 OPTdoi = {},
 isbn13 = {978-9681863173},
 OPTissn = {},
 OPTlocalfile = {},
 OPTabstract = {},
 OPTkeywords = {},
}

@Book{Mathews,
 title = {Metodos Numericos con MATLAB},
 publisher = {},
 year = {2000},
 author = {John Mathews},
 editor = {},
 OPTkey = {},
 OPTvolume = {},
 OPTnumber = {},
 OPTseries = {},
 OPTaddress = {},
 edition = {3rd},
 OPTmonth = {},
 OPTnote = {},
 OPTannote = {},
 url = {https://www.amazon.es/Metodos-Numericos-MATLAB-Edicion-Spanish/dp/B00HNDOOOK},
 urldate = {},
 OPTlastchecked = {},
 OPTdoi = {},
 isbn13 = {},
 OPTissn = {},
 OPTlocalfile = {},
 OPTabstract = {},
 OPTkeywords = {},
}

