@Book{YoFreed,
 title = {Física universitaria},
 publisher = {Pearson},
 year = {2013},
 author = {Hugh D. Young, Roger A. Freedman},
 editor = {},
 OPTkey = {},
 OPTvolume = {},
 OPTnumber = {},
 OPTseries = {},
 OPTaddress = {},
 edition = {13th},
 OPTmonth = {},
 OPTnote = {},
 OPTannote = {},
 url = {},
 urldate = {},
 OPTlastchecked = {},
 OPTdoi = {},
 isbn = {},
 OPTissn = {},
 OPTlocalfile = {},
 OPTabstract = {},
 OPTkeywords = {},
}

@Book{Hewitt,
 title = {Física conceptual},
 publisher = {Pearson Educación},
 year = {2007},
 author = {Paul Hewitt},
 editor = {},
 OPTkey = {},
 OPTvolume = {},
 OPTnumber = {},
 OPTseries = {},
 OPTaddress = {},
 edition = {10th},
 OPTmonth = {},
 OPTnote = {},
 OPTannote = {},
 url = {},
 urldate = {},
 OPTlastchecked = {},
 OPTdoi = {},
 isbn = {},
 OPTissn = {},
 OPTlocalfile = {},
 OPTabstract = {},
 OPTkeywords = {},
}

