

@Book{Stroustrup2013,
  author    = "Bjarne Stroustrup",
  title     = "The {C}++ Programming Language",
  publisher = "Addison-Wesley",
  edition   = "4th",
  year      = "2013",
  ISBN      = "978-0-321-56384-2"
@Book{Nicolai19,
  author    = "Nicolai M.Josuttis",
  title     = "C++17- The Complete Guide",
  edition   = "1st",
  year      = "2019",
  ISBN      = "978-03967300178"

@Book{DVandervoorde1,
  author    = "David Vandervoorde ",
  title     = "C++ Templates:The Complete Guide",
  publisher = "Addison-Wesley",
  edition   = "1st",
  year      = "2002",
  ISBN      = "978-0134448237"


@Book{Deitel17,
  author    = "Deitel & Deitel ",
  title     = "C++17- The Complete Guide",
  publisher = "Pearson",
  edition   = "10th",
  year      = "2017",
  ISBN      = "978-0201734843"


}
