@book{kurose2013computer,
  title="Computer Networking: A Top-down Approach",
  author="Kurose, J.F. and Ross, K.W.",
  isbn="978-0133594140",
  series="Always learning",
  year="2013",
  publisher="Pearson",
  edition   = "7th",
}
@book{Krumm09,
 AUTHOR = "Krumm, John",
 TITLE = "Ubiquitous Computing Fundamentals",
 YEAR = "2009",
 ISBN = "1420093606, 9781420093605",
 OPTedition = "1st",
 PUBLISHER = "Chapman \& Hall/CRC",
}

@book{AGGL05,
 AUTHOR = "Frank Adelstein;Sandeep KS Gupta;Golden Richard III and Loren Schwiebert",
 TITLE = "Fundamentals of Mobile and Pervasive Computing",
 YEAR = "2005",
 ISBN = "0071412379, 9780071412377",
 OPTedition = "1st",
 PUBLISHER = "Tata McGraw-Hill",
}

@book{Graphs,
 AUTHOR = "Kadushin, Charles",
 TITLE = "Understanding Social Networks: Theories, Concepts, And Findings",
 YEAR = "2011",
 ISBN = "978-0195379471",
 PUBLISHER = "Oxford University Press, Usa; 1 edition",
}
@book{SDNFV,
AUTHOR = "Chayapathi, Rajendra; Syed F. Hassan; Shah, Paresh",
TITLE = "Network Functions Virtualization (NFV) with a Touch of SDN",
YEAR = "2016",
ISBN = "978-0134463056",
PUBLISHER = "Addison-Wesley Professional; 1 edition",
}
