% Responsable   :
% Bibbliografía : 
% Versión       : 1
\begin{thebibliography}{}



\end{thebibliography}

