@BOOK{Kolman97,
  author =       "Kolman, Busby, Ross",
  title =        "Estructuras de Matemáticas Discretas para la Computación",
  publisher =    "Prentice Hall",
  year =         "1997",
  ISBN =	 " "
  }

@BOOK{Kelley95,
  author =       "Dean Kelley",
  title =        "Teoría de Autómatas y Lenguajes Formales",
  publisher =    "Prentice Hall",
  year =         "1995",
  ISBN =	 " "
}
 @BOOK{Hopcroft93,
  author =       "John E. Hopcroft and Jeffrey D. Ullman",
  title =        "Introducción a la Teoría de Autómatas, Lenguajes y Computación",
  publisher =    "Pearson Education",
  year =         "2013",
  ISBN =	 " "
}
@BOOK{Brookshear93,
  author =       "J. Glenn Brookshear",
  title =        "Teoría de la Computación",
  publisher =    "Addison Wesley Iberoamericana",
  year =         "1993",
  ISBN =	 " "
  }

@BOOK{Sipser12,
  author =       "Michael Sipser",
  title =        "Introduction to the Theory of Computation",
  publisher =    "Cengage Learning",
  year =         "2012",
  edition =	 "3rd"
  }

@BOOK{Jmartin10,
  author =       "John Martin",
  title =        "Introduction to Languages and the Theory of Computation",
  publisher =    "McGraw-Hill ",
  year =         "2010",
  edition =	 "4th"
  }

@BOOK{Linz11,
  author    = {Peter Linz},
  title     = {An Introduction to Formal Languages and Automata},
  publisher = {Jones and Bartlett Learning},
  year      = {2011},
  edition   = {5th},
  }
