@Book{Brookshear2019,
 title = {Computer Science: An Overview},
 publisher = {Pearson},
 year = {2019},
 author = {J. Glenn Brookshear and Dennis Brylow},
 editor = {PEARSON},
 OPTkey = {},
 OPTvolume = {},
 OPTnumber = {},
 OPTseries = {},
 OPTaddress = {},
 edition = {Global Edition},
 OPTmonth = {},
 OPTnote = {},
 OPTannote = {},
 url = {http://www.pearsonhighered.com/brookshear},
 urldate = {},
 OPTlastchecked = {},
 OPTdoi = {},
 isbn = {1292263423},
 OPTissn = {},
 OPTlocalfile = {},
 OPTabstract = {},
 OPTkeywords = {},
}
@BOOK{Brookshear15,
  AUTHOR =       "",
  TITLE =        "",
  PUBLISHER =    "Addison-Wesley",
  YEAR =         "2011",
  ISBN =	 " "
 }
 @BOOK{Brookshear11,
  AUTHOR =       "J. Glenn Brookshear",
  TITLE =        "Computer Science: An Overview",
  PUBLISHER =    "Addison-Wesley",
  YEAR =         "2011",
  ISBN =	 " "
 }

@BOOK{Guttag13,
  AUTHOR =       "John V Guttag",
  TITLE =        ". Introduction To Computation And Programming Using Python",
  PUBLISHER =    "MIT Press",
  YEAR =         "2013",
  ISBN =	 " "
 }

@BOOK{Zelle10,
  AUTHOR =       "John Zelle",
  TITLE =        "Python Programming: An Introduction to Computer Science",
  PUBLISHER =    "Franklin, Beedle \& Associates Inc",
  YEAR =         "2010",
  ISBN =	 " "
 }


