@BOOK{Kolman97,
  AUTHOR =       "Kolman, Busby, Ross",
  TITLE =        "Estructuras de Matemáticas Discretas para la Computación",
  PUBLISHER =    "Prentice Hall",
  YEAR =         "1997",
  ISBN =	 " "
  }

@BOOK{Kelley95,
  AUTHOR =       "Dean Kelley",
  TITLE =        "Teoría de Autómatas y Lenguajes Formales",
  PUBLISHER =    "Prentice Hall",
  YEAR =         "1995",
  ISBN =	 " "
}
 @BOOK{Hopcroft93,
  AUTHOR =       "John E. Hopcroft and Jeffrey D. Ullman",
  TITLE =        "Introducción a la Teoría de Autómatas, Lenguajes y Computación",
  PUBLISHER =    "Pearson Education",
  YEAR =         "2013",
  ISBN =	 " "
}
@BOOK{Brookshear93,
  AUTHOR =       "J. Glenn Brookshear",
  TITLE =        "Teoría de la Computación",
  PUBLISHER =    "Addison Wesley Iberoamericana",
  YEAR =         "1993",
  ISBN =	 " "
  }

@BOOK{Sipser12,
  AUTHOR =       "Michael Sipser",
  TITLE =        "Introduction to the Theory of Computation",
  PUBLISHER =    "Cengage Learning",
  YEAR =         "2012",
  Edition =	 "3rd"
  }

@BOOK{Jmartin10,
  AUTHOR =       "John Martin",
  TITLE =        "Introduction to Languages and the Theory of Computation",
  PUBLISHER =    "McGraw-Hill ",
  YEAR =         "2010",
  Edition =	 "4th"
  }

@BOOK{Linz11,
  AUTHOR =       "Peter Linz ",
  TITLE =        "An Introduction to Formal Languages and Automata",
  PUBLISHER =    "Jones \& Bartlett Learning",
  YEAR =         "2011",
  Edition =	 "5th"
  }
