\begin{thebibliography}{}

% BiBTeX data base
%---------------------------------------------------------------------------------------
%% bibtextfile{
%%  author     = "Ernesto Cuadros Vargas",
%%  version    = "3.0",
%%  date       = "May 2021",
%%  filename   = "ernesto.bib",
%%  address    = "SPC Peru",
%%  email      = "ecuadros@spc.org.pe"
%% }
%---------------------------------------------------------------------------------------

@Preamble{
  " "
}

%---------------------------------------------------------------------------------------
@COMMENT(by Er)
% constantes
%---------------------------------------------------------------------------------------

@PROCEEDINGS{myproceedings,
  TITLE         = {xxTitle},
  YEAR          = {xxYear},
  editor        = {xxeditor},
  publisher     = {xxpublisher},
  volume        = {xxvolume},
  _number        = {xxnumber},
  series        = {xxseries},
  organization  = {xxorganization},
  address       = {xxaddress},
  month         = {xxmonth},
  note          = {xxnote},
  abstract      = {xxabstract},
  isbn          = {xxisbn},
  price         = {xxprice},
  keywords      = {xxkeywords},
  source        = {xxsource},
  file          = {xxabc.pdf},
}

@INPROCEEDINGS{myinproceedings,
  AUTHOR =       "myinproceedings xxauthor",
  TITLE =        "xxtitle",
  BOOKTITLE =    "xxbooktitle",
  YEAR =         "xxyear",
  editor =       "xxeditor",
  volume =       "xxvolume",
  _number =       "xxnumber",
  series =       "xxseries",
  pages =        "xxpages",
  address =      "xxaddress",
  month =        "xxmonth",
  organization = "xxorganization",
  publisher =    "xxpublisher",
  note =         "xxnote",
  abstract =     "xxabstract",
  keywords =     "xxkeywords",
  file     = "xxabc.pdf"
}

@TECHREPORT{mytechreport,
  AUTHOR      = {mytechreport xxauthor},
  TITLE       = {xxtitle},
  INSTITUTION = {xxinstitution},
  YEAR        = {1985},
  type        = {xxtype},
  number      = {99},
  address     = {xxaddress},
  month       = {feb},
  note        = {xxnote},
  abstract    = {xxabstract},
  keywords    = {xxkeywords},
  source      = {xxsource},
  file        = Fxx
}

@BOOK{mybook,
  AUTHOR      = {xxauthor},
  _editor     = {xxeditor},
  TITLE       = {xxTITLE},
  PUBLISHER   = {xxPUBLISHER},
  YEAR        = {xxYEAR},
  volume      = {xxvolume},
  _number     = {xxnumber},
  _series      = {xxseries},
  _address     = {xxaddress},
  _edition     = {xxedition},
  month       = {xxmonth},
  note        = {xxnote},
  abstract    = {xxabstract},
  isbn        = {xxisbn},
  price       = {xxprice},
  keywords    = {xxkeywords},
  source      = {xxsource},
  file        = F
}

@INBOOK{myinbook,
  AUTHOR =       "myinbook xxauthor",
  _editor =       "xxeditor",
  TITLE =        "xxtitle",
  CHAPTER =      "xxchapter",
  pages =        "xxpages",
  PUBLISHER =    "xxpublisher",
  YEAR =         "xxyear",
  volume =       "xxvolume",
  _number =       "xxnumber",
  series =       "xxseries",
  type =         "xxtype",
  address =      "xxaddress",
  edition =      "xxedition",
  month =        "xxmonth",
  note =         "xxnote",
  abstract =     "xxabstract",
  keywords =     "xxkeywords",
  file = Fxx
}

@MASTERSTHESIS{mymastersthesis,
  AUTHOR =       {mymastersthesis xxauthor},
  TITLE =        {xxtitle},
  SCHOOL =       {xxschool},
  YEAR =         {xxyear},
  type =         {xxtype},
  address =      {xxaddress},
  month =        {xxmonth},
  note =         {xxnote},
  abstract =     {xxabstract},
  keywords =     {xxkeywords},
  source =       {xxsource},
  file = Fxx
}

@PHDTHESIS{myphdthesis,
  AUTHOR =       "myphdthesis xxauthor",
  TITLE =        "xxtitle",
  SCHOOL =       "xxschool",
  YEAR =         "xxyear",
  type =         "xxtype",
  address =      "xxaddress",
  month =        "xxmonth",
  note =         "xxnote",
  abstract =     "xxabstract",
  keywords =     "xxkeywords",
  source =       "xxsource",
  file = Fxx
}

@UNPUBLISHED{myunpublished,
  AUTHOR    = {xxAUTHOR},
  TITLE     = {xxTITLE},
  NOTE      = {xxNOTE},
  year      = {xxyear},
  month     = {xxmonth},
  abstract  = {xxabstract},
  keywords  = {xxkeywords},
  source    = {xxsource},
  file      = {xxfile},
}

@MISC{mymisc,
  author       = {xxAuthor},
  title        = {xxTitle},
  howpublished = {xxHowpublished},
  year         = {xxyear},
  month        = {xxmonth},
  note         = {xxnote},
  abstract     = {xxabstract},
  keywords     = {xxkeywords},
  source       = {xxsource},
  file         = {xxfile},
}

@TECHREPORT{InformationTechnology2005,
  AUTHOR      = {ACM and IEEE-CS},
  TITLE       = {Computing Curricula: Information Technology},
  INSTITUTION = {ACM, IEEE-CS},
  YEAR        = {2005},
  _type        = {xxtype},
  _number      = {99},
  _address     = {xxaddress},
  _month       = {feb},
  _note        = {xxnote},
  _abstract    = {xxabstract},
  _keywords    = {xxkeywords},
  _source      = {xxsource},
  _file        = Fxx
}

\end{thebibliography}
