@Book{Pressman2014,
author = {Roger S. Pressman and Bruce Maxim},
title = {Software Engineering: A Practitioner's Approach},
publisher = {McGraw-Hill},
year = {2015},
edition = {8th},
month = {January}
}

@Book{Sommerville2010,
author = {Ian Sommerville },
title = {Software Engineering},
publisher = {Pearson},
year = {2017},
edition = {10th},
month = {March},
}



@Book{Kenneth17,
author = { Kenneth C. Laudon and Jane P. Laudon  },
title = {Management Information Systems: Managing the Digital Firm},
publisher = {Pearson},
year = {2017},
edition = {15th},
month = {March},
}
