\begin{thebibliography}{}

@book{Echeverría08,
  title={¿Qué es la modernidad},
  author={Bolivar,Echeverría.},
  year={2008},
  publisher = {México DF,Universidad Nacional Autónoma de México},
}
@book{Meca12,
  title={Teoría del Conocimiento},
  author={Diego,Sanchez.},
  year={2012},
  publisher = {Madrid,Dykinson},
}

@book{Alain14,
  title={Crítica de la Modernidad},
  author={Alain,Touraine.},
  year={2014},
  publisher = {México DF,Fondo de Cultura Económica},
}

\end{thebibliography}