% Responsable   :
% Bibbliografía : Física I
% Versión       : 1.2

@Book{YoFreed,
 title = {University Physics},
 publisher = {Addison-Wesley},
 year = {2011},
 author = {Hugh D. Young, Roger A. Freedman},
 editor = {},
 OPTkey = {},
 OPTvolume = {},
 OPTnumber = {},
 OPTseries = {},
 OPTaddress = {},
 edition = {13th},
 OPTmonth = {},
 OPTnote = {},
 OPTannote = {},
 url = {https://www.amazon.co.uk/University-thirteenth-published-Addison-Wesley-Hardcover/dp/B00ES25I8U},
 urldate = {},
 OPTlastchecked = {},
 OPTdoi = {},
 isbn = {},
 OPTissn = {},
 OPTlocalfile = {},
 OPTabstract = {},
 OPTkeywords = {},
}

@Book{Hewitt,
 title = {Conceptual Physics},
 publisher = {},
 year = {2005},
 author = {Paul Hewitt},
 editor = {Benjamin-Cummings Pub Co},
 OPTkey = {},
 OPTvolume = {},
 OPTnumber = {},
 OPTseries = {},
 OPTaddress = {},
 edition = {10th},
 OPTmonth = {},
 OPTnote = {},
 OPTannote = {},
 url = {https://www.amazon.com/Conceptual-Physics-10th-Paul-Hewitt/dp/0805393757},
 urldate = {},
 OPTlastchecked = {},
 OPTdoi = {},
 isbn13 = {978-0805393750},
 OPTissn = {},
 OPTlocalfile = {},
 OPTabstract = {},
 OPTkeywords = {},
}