@Book{JCValle,
 title = {Algebra Lineal: para estudiantes de ingenier√≠a y ciencias},
 publisher = {},
 year = {2012},
 author = {Juan Carlos Del Valle Sotelo},
 editor = {MC GRAW HILL-65 (1600)},
 OPTkey = {},
 OPTvolume = {},
 OPTnumber = {},
 OPTseries = {},
 OPTaddress = {},
 edition = {1st},
 OPTmonth = {},
 OPTnote = {},
 OPTannote = {},
 url = {},
 urldate = {},
 OPTlastchecked = {},
 OPTdoi = {},
 isbn = {},
 OPTissn = {},
 OPTlocalfile = {},
 OPTabstract = {},
 OPTkeywords = {},
}

@Book{ChapCan,
 title = {Numerical Methods for Engineers},
 publisher = {},
 year = {2015},
 author = {Steven C. Chapra, Raymond P. Canale},
 editor = {McGraw-Hill},
 OPTkey = {},
 OPTvolume = {},
 OPTnumber = {},
 OPTseries = {},
 OPTaddress = {},
 edition = {7th},
 OPTmonth = {},
 OPTnote = {},
 OPTannote = {},
 url = {},
 urldate = {},
 OPTlastchecked = {},
 OPTdoi = {},
 isbn = {978-607-15-1294-9},
 OPTissn = {},
 OPTlocalfile = {},
 OPTabstract = {},
 OPTkeywords = {},
}

@Book{Anton,
 title = {Elementary Linear Algebra},
 publisher = {},
 year = {2004},
 author = {Howard Anton},
 editor = {},
 OPTkey = {},
 OPTvolume = {},
 OPTnumber = {},
 OPTseries = {},
 OPTaddress = {},
 edition = {4th},
 OPTmonth = {},
 OPTnote = {},
 OPTannote = {},
 url = {},
 urldate = {},
 OPTlastchecked = {},
 OPTdoi = {},
 isbn13 = {},
 OPTissn = {},
 OPTlocalfile = {},
 OPTabstract = {},
 OPTkeywords = {},
}

@Book{Mathews,
 title = {Numerical Methods Using MATLAB},
 publisher = {},
 year = {1998},
 author = {John Mathews},
 editor = {Prentice Hall College Div},
 OPTkey = {},
 OPTvolume = {},
 OPTnumber = {},
 OPTseries = {},
 OPTaddress = {},
 edition = {3rd},
 OPTmonth = {},
 OPTnote = {},
 OPTannote = {},
 url = {https://www.amazon.com/-/es/John-H-Mathews/dp/0132700425},
 urldate = {},
 OPTlastchecked = {},
 OPTdoi = {},
 isbn13 = {978-0132700429},
 OPTissn = {},
 OPTlocalfile = {},
 OPTabstract = {},
 OPTkeywords = {},
}